<collection xmlns="http://www.loc.gov/MARC21/slim">
<record>
  <leader>02166nam0a2200325 i 450 </leader>
  <controlfield tag="001">IT\ICCU\CNCE\054752</controlfield>
  <controlfield tag="005">20130415000000.0</controlfield>
  <datafield tag="012" ind1=" " ind2=" ">
    <subfield code="a">lepr inui umed coca (3) 1519 (R)</subfield>
    <subfield code="2">fei</subfield>
  </datafield>
  <datafield tag="100" ind1=" " ind2=" ">
    <subfield code="a">20031114d1519        0itac0103    ba</subfield>
  </datafield>
  <datafield tag="101" ind1=" " ind2=" ">
    <subfield code="a">LAT</subfield>
  </datafield>
  <datafield tag="102" ind1=" " ind2=" ">
    <subfield code="a">IT</subfield>
  </datafield>
  <datafield tag="200" ind1="1" ind2=" ">
    <subfield code="a">Habes lector studiose hoc in volumine quartam partem consiliorum excelsi i.u. luminis domini Bartolomei Sozini a proprio auctoris originali excerpta ac diligenter reuisa per eximium doctorem dominum Io. Thomam Stradellam Pontremulensem cum tabula quottata per numeros &amp; folia, &amp; nouissime in lucem per ipsum calcographis tradita: pro vniuersali vtilitate, vale 1519</subfield>
  </datafield>
  <datafield tag="210" ind1=" " ind2=" ">
    <subfield code="a">\Giovanni Giacomo Da Legnano e fratelli!</subfield>
    <subfield code="d">1519</subfield>
    <subfield code="e">Impressa Mediolani</subfield>
    <subfield code="g">per Ioannem Angelum Scinzenzeler</subfield>
    <subfield code="h">1518 die 2 Octobris</subfield>
  </datafield>
  <datafield tag="215" ind1=" " ind2=" ">
    <subfield code="a">CXXXIII, \18! c.</subfield>
    <subfield code="d">fol</subfield>
  </datafield>
  <datafield tag="300" ind1=" " ind2=" ">
    <subfield code="a">Altro front. a c. \1!r</subfield>
  </datafield>
  <datafield tag="423" ind1=" " ind2="0">
    <subfield code="1">001IT\ICCU\CNCE\054754</subfield>
    <subfield code="1">2001 </subfield>
    <subfield code="a">Tabula huius quarti voluminis consiliorum excelsi J.U. luminis domini Bartholomei Sozini Senensis nuperrime adinuenti ... 1519.</subfield>
  </datafield>
  <datafield tag="620" ind1=" " ind2=" ">
    <subfield code="a">IT</subfield>
    <subfield code="d">Milano</subfield>
  </datafield>
  <datafield tag="700" ind1=" " ind2="1">
    <subfield code="a">Soccini,</subfield>
    <subfield code="b">Bartolomeo</subfield>
    <subfield code="3">IT\ICCU\CNCA\006543</subfield>
  </datafield>
  <datafield tag="702" ind1=" " ind2="1">
    <subfield code="a">Stradella,</subfield>
    <subfield code="b">Giovanni Tommaso</subfield>
    <subfield code="3">IT\ICCU\CNCA\017053</subfield>
  </datafield>
  <datafield tag="712" ind1="0" ind2="0">
    <subfield code="a">Scinzenzeler, Giovanni Angelo</subfield>
    <subfield code="3">IT\ICCU\CNCT\000084</subfield>
    <subfield code="4">650</subfield>
  </datafield>
  <datafield tag="712" ind1="0" ind2="0">
    <subfield code="a">Da_Legnano, Giovanni Giacomo &amp; fratelli</subfield>
    <subfield code="3">IT\ICCU\CNCT\001554</subfield>
    <subfield code="4">650</subfield>
  </datafield>
  <datafield tag="790" ind1=" " ind2="1">
    <subfield code="a">Socinus,</subfield>
    <subfield code="b">Bartholomaeus</subfield>
    <subfield code="3">IT\ICCU\CNCA\009417</subfield>
    <subfield code="z">Soccini, Bartolomeo</subfield>
  </datafield>
  <datafield tag="790" ind1=" " ind2="1">
    <subfield code="a">Socini,</subfield>
    <subfield code="b">Bartolomeo</subfield>
    <subfield code="3">IT\ICCU\CNCA\024024</subfield>
    <subfield code="z">Soccini, Bartolomeo</subfield>
  </datafield>
  <datafield tag="790" ind1=" " ind2="1">
    <subfield code="a">Socino,</subfield>
    <subfield code="b">Bartolomeo</subfield>
    <subfield code="3">IT\ICCU\CNCA\024025</subfield>
    <subfield code="z">Soccini, Bartolomeo</subfield>
  </datafield>
  <datafield tag="790" ind1=" " ind2="1">
    <subfield code="a">De_Socinis,</subfield>
    <subfield code="b">Bartholomeus</subfield>
    <subfield code="3">IT\ICCU\CNCA\024034</subfield>
    <subfield code="z">Soccini, Bartolomeo</subfield>
  </datafield>
  <datafield tag="791" ind1="0" ind2="0">
    <subfield code="a">Schinzenzeler, Giovanni Angelo</subfield>
    <subfield code="3">IT\ICCU\CNCT\005621</subfield>
    <subfield code="z">Scinzenzeler, Giovanni Angelo</subfield>
  </datafield>
  <datafield tag="801" ind1=" " ind2="3">
    <subfield code="a">IT</subfield>
    <subfield code="b">ICCU</subfield>
    <subfield code="c">20201115</subfield>
  </datafield>
  <datafield tag="899" ind1=" " ind2=" ">
    <subfield code="a">Archivio storico civico e Biblioteca Trivulziana. Milano</subfield>
    <subfield code="1">MI0327</subfield>
    <subfield code="2">LO1 13</subfield>
  </datafield>
  <datafield tag="911" ind1=" " ind2=" ">
    <subfield code="a">Sui front.</subfield>
    <subfield code="9">IT\ICCU\CNCM\000650</subfield>
  </datafield>
  <datafield tag="921" ind1=" " ind2=" ">
    <subfield code="a">IT\ICCU\CNCM\000650</subfield>
    <subfield code="b">Angelo sostiene tra le braccia l&apos;ostia raggiante con al centro il monogramma di Cristo e intorno al cerchio: Io. Iacomo e frat. D. Legnano. In basso: IOL</subfield>
    <subfield code="c">K83</subfield>
    <subfield code="c">Z88</subfield>
    <subfield code="f">ANGELO</subfield>
    <subfield code="f">IHS</subfield>
    <subfield code="f">IOIACOMOEF</subfield>
    <subfield code="f">IOL</subfield>
    <subfield code="f">OSTIA</subfield>
    <subfield code="g">1512-[non dopo il 1525]</subfield>
  </datafield>
</record>
</collection>
